@article{winter2013,
  doi = {10.1038/embor.2013.27},
  url = {https://doi.org/10.1038/embor.2013.27},
  year = {2013},
  month = {mar},
  publisher = {{EMBO}},
  volume = {14},
  number = {4},
  pages = {319--327},
  author = {Sebastian E Winter and Christopher A Lopez and Andreas J B\"{a}umler},
  title = {The dynamics of gut-associated microbial communities during inflammation},
  journal = {{EMBO} reports}
}

@article{riverachavez2017,
  doi = {10.1016/j.freeradbiomed.2016.09.022},
  url = {https://doi.org/10.1016/j.freeradbiomed.2016.09.022},
  year = {2017},
  month = {apr},
  publisher = {Elsevier {BV}},
  volume = {105},
  pages = {93--101},
  author = {Fabian Rivera-Ch{\'{a}}vez and Christopher A. Lopez and Andreas J. B\"{a}umler},
  title = {Oxygen as a driver of gut dysbiosis},
  journal = {Free Radical Biology and Medicine}
}

@article{schloss2009,
  doi = {10.1128/aem.01541-09},
  url = {http://dx.doi.org/10.1128/AEM.01541-09},
  year  = {2009},
  month = {oct},
  publisher = {American Society for Microbiology},
  volume = {75},
  number = {23},
  pages = {7537--7541},
  author = {P. D. Schloss and S. L. Westcott and T. Ryabin and J. R. Hall and M. Hartmann and E. B. Hollister and R. A. Lesniewski and B. B. Oakley and D. H. Parks and C. J. Robinson and J. W. Sahl and B. Stres and G. G. Thallinger and D. J. Van Horn and C. F. Weber},
  title = {Introducing mothur: Open-Source, Platform-Independent, Community-Supported Software for Describing and Comparing Microbial Communities},
  journal = {Applied and Environmental Microbiology}
}

@article{topcuoglu2020,
  doi = {10.1128/mbio.00434-20},
  url = {https://doi.org/10.1128/mbio.00434-20},
  year = {2020},
  month = {jun},
  publisher = {American Society for Microbiology},
  volume = {11},
  number = {3},
  author = {Beg\"{u}m D. Top{\c{c}}uo{\u{g}}lu and Nicholas A. Lesniak and Mack T. Ruffin and Jenna Wiens and Patrick D. Schloss},
  editor = {Martin J. Blaser},
  title = {A Framework for Effective Application of Machine Learning to Microbiome-Based Classification Problems},
  journal = {{mBio}}
}

@article{schubert2015,
  doi = {10.1128/mbio.00974-15},
  url = {https://doi.org/10.1128/mbio.00974-15},
  year = {2015},
  month = {jul},
  publisher = {American Society for Microbiology},
  volume = {6},
  number = {4},
  author = {Alyxandria M. Schubert and Hamide Sinani and Patrick D. Schloss},
  editor = {Claire M. Fraser},
  title = {Antibiotic-Induced Alterations of the Murine Gut Microbiota and Subsequent Effects on Colonization Resistance against \emph{{Clostridium} difficile}},
  journal = {{mBio}}
}

@article{jenior2017,
  doi = {10.1128/msystems.00063-17},
  url = {https://doi.org/10.1128/msystems.00063-17},
  year = {2017},
  month = {jul},
  publisher = {American Society for Microbiology},
  volume = {2},
  number = {4},
  author = {Matthew L. Jenior and Jhansi L. Leslie and Vincent B. Young and Patrick D. Schloss},
  editor = {Peter J. Turnbaugh},
  title = {\emph{{Clostridium} difficile} Colonizes Alternative Nutrient Niches during Infection across Distinct Murine Gut Microbiomes},
  journal = {{mSystems}}
}

@article{jenior2018,
  doi = {10.1128/msphere.00261-18},
  url = {https://doi.org/10.1128/msphere.00261-18},
  year = {2018},
  month = {jun},
  publisher = {American Society for Microbiology},
  volume = {3},
  number = {3},
  author = {Matthew L. Jenior and Jhansi L. Leslie and Vincent B. Young and Patrick D. Schloss},
  editor = {Susannah Green Tringe},
  title = {\emph{{Clostridium} difficile} Alters the Structure and Metabolism of Distinct Cecal Microbiomes during Initial Infection To Promote Sustained Colonization},
  journal = {{mSphere}}
}

@article{lawley2012,
  doi = {10.1371/journal.ppat.1002995},
  url = {https://doi.org/10.1371/journal.ppat.1002995},
  year = {2012},
  month = {oct},
  publisher = {Public Library of Science ({PLoS})},
  volume = {8},
  number = {10},
  pages = {e1002995},
  author = {Trevor D. Lawley and Simon Clare and Alan W. Walker and Mark D. Stares and Thomas R. Connor and Claire Raisen and David Goulding and Roland Rad and Fernanda Schreiber and Cordelia Brandt and Laura J. Deakin and Derek J. Pickard and Sylvia H. Duncan and Harry J. Flint and Taane G. Clark and Julian Parkhill and Gordon Dougan},
  editor = {Michael S. Gilmore},
  title = {Targeted Restoration of the Intestinal Microbiota with a Simple, Defined Bacteriotherapy Resolves Relapsing \emph{{Clostridium} difficile} Disease in Mice},
  journal = {{PLoS} Pathogens}
}

@article{buffie2015,
  doi = {10.1038/nature13828},
  url = {https://doi.org/10.1038/nature13828},
  year = {2014},
  month = {oct},
  publisher = {Springer Science and Business Media {LLC}},
  volume = {517},
  number = {7533},
  pages = {205--208},
  author = {Charlie G. Buffie and Vanni Bucci and Richard R. Stein and Peter T. McKenney and Lilan Ling and Asia Gobourne and Daniel No and Hui Liu and Melissa Kinnebrew and Agnes Viale and Eric Littmann and Marcel R. M. van den Brink and Robert R. Jenq and Ying Taur and Chris Sander and Justin R. Cross and Nora C. Toussaint and Joao B. Xavier and Eric G. Pamer},
  title = {Precision microbiome reconstitution restores bile acid mediated resistance to \emph{{Clostridium} difficile}},
  journal = {Nature}
}

@article{britton2012,
  doi = {10.1016/j.tim.2012.04.001},
  url = {https://doi.org/10.1016/j.tim.2012.04.001},
  year = {2012},
  month = {jul},
  publisher = {Elsevier {BV}},
  volume = {20},
  number = {7},
  pages = {313--319},
  author = {Robert A. Britton and Vincent B. Young},
  title = {Interaction between the intestinal microbiota and host in \emph{{Clostridium} difficile} colonization resistance},
  journal = {Trends in Microbiology}
}

@article{fletcher2018,
  doi = {10.1128/msphere.00089-18},
  url = {https://doi.org/10.1128/msphere.00089-18},
  year = {2018},
  month = {mar},
  publisher = {American Society for Microbiology},
  volume = {3},
  number = {2},
  author = {Joshua R. Fletcher and Samantha Erwin and Cristina Lanzas and Casey M. Theriot},
  editor = {Sarah E. F. D{\textquotesingle}Orazio},
  title = {Shifts in the Gut Metabolome and \emph{{Clostridium} difficile} Transcriptome throughout Colonization and Infection in a Mouse Model},
  journal = {{mSphere}}
}

@article{reed2020,
  doi = {10.1128/jb.00039-20},
  url = {https://doi.org/10.1128/jb.00039-20},
  year = {2020},
  month = {mar},
  publisher = {American Society for Microbiology},
  volume = {202},
  number = {11},
  author = {A. D. Reed and M. A. Nethery and A. Stewart and R. Barrangou and C. M. Theriot},
  editor = {Laurie E. Comstock},
  title = {Strain-Dependent Inhibition of \emph{{Clostridium} difficile} by Commensal {Clostridia} Carrying the Bile Acid-Inducible (bai) Operon},
  journal = {Journal of Bacteriology}
}

@article{ducarmon2019,
  doi = {10.1128/mmbr.00007-19},
  url = {https://doi.org/10.1128/mmbr.00007-19},
  year = {2019},
  month = {jun},
  publisher = {American Society for Microbiology},
  volume = {83},
  number = {3},
  author = {Q. R. Ducarmon and R. D. Zwittink and B. V. H. Hornung and W. van Schaik and V. B. Young and E. J. Kuijper},
  title = {Gut Microbiota and Colonization Resistance against Bacterial Enteric Infection},
  journal = {Microbiology and Molecular Biology Reviews}
}

@article{lessa2015,
  doi = {10.1056/nejmoa1408913},
  url = {https://doi.org/10.1056/nejmoa1408913},
  year = {2015},
  month = {feb},
  publisher = {Massachusetts Medical Society},
  volume = {372},
  number = {9},
  pages = {825--834},
  author = {Fernanda C. Lessa and Yi Mu and Wendy M. Bamberg and Zintars G. Beldavs and Ghinwa K. Dumyati and John R. Dunn and Monica M. Farley and Stacy M. Holzbauer and James I. Meek and Erin C. Phipps and Lucy E. Wilson and Lisa G. Winston and Jessica A. Cohen and Brandi M. Limbago and Scott K. Fridkin and Dale N. Gerding and L. Clifford McDonald},
  title = {Burden of \emph{{Clostridium} difficile} Infection in the United States},
  journal = {New England Journal of Medicine}
}

@article{zimlichman2013,
  doi = {10.1001/jamainternmed.2013.9763},
  url = {https://doi.org/10.1001/jamainternmed.2013.9763},
  year = {2013},
  month = {dec},
  publisher = {American Medical Association ({AMA})},
  volume = {173},
  number = {22},
  pages = {2039},
  author = {Eyal Zimlichman and Daniel Henderson and Orly Tamir and Calvin Franz and Peter Song and Cyrus K. Yamin and Carol Keohane and Charles R. Denham and David W. Bates},
  title = {Health Care-Associated Infections},
  journal = {{JAMA} Internal Medicine}
}

@article{seekatz2014,
  doi = {10.1128/mbio.00893-14},
  url = {https://doi.org/10.1128/mbio.00893-14},
  year = {2014},
  month = {jun},
  publisher = {American Society for Microbiology},
  volume = {5},
  number = {3},
  author = {Anna M. Seekatz and Johannes Aas and Charles E. Gessert and Timothy A. Rubin and Daniel M. Saman and Johan S. Bakken and Vincent B. Young},
  editor = {Stanley Maloy},
  title = {Recovery of the Gut Microbiome following Fecal Microbiota Transplantation},
  journal = {{mBio}}
}

@article{dieterle2019,
  doi = {10.1111/nyas.13958},
  url = {https://doi.org/10.1111/nyas.13958},
  year = {2018},
  month = {sep},
  publisher = {Wiley},
  volume = {1435},
  number = {1},
  pages = {110--138},
  author = {Michael G. Dieterle and Krishna Rao and Vincent B. Young},
  title = {Novel therapies and preventative strategies for primary and recurrent \emph{{Clostridium} difficile} infections},
  journal = {Annals of the New York Academy of Sciences}
}

@article{spigaglia2016,
  doi = {10.1016/j.anaerobe.2015.11.002},
  url = {https://doi.org/10.1016/j.anaerobe.2015.11.002},
  year = {2016},
  month = {feb},
  publisher = {Elsevier {BV}},
  volume = {37},
  pages = {29--33},
  author = {Patrizia Spigaglia and Fabrizio Barbanti and Matteo Morandi and Maria Luisa Moro and Paola Mastrantonio},
  title = {Diagnostic testing for \emph{{Clostridium} difficile} in {Italian} microbiological laboratories},
  journal = {Anaerobe}
}

@article{juul2018,
  doi = {10.1056/nejmc1803103},
  url = {https://doi.org/10.1056/nejmc1803103},
  year = {2018},
  month = {jun},
  publisher = {Massachusetts Medical Society},
  volume = {378},
  number = {26},
  pages = {2535--2536},
  author = {Frederik E. Juul and Kjetil Garborg and Michael Bretthauer and Hilde Skudal and Mari N. {\O}ines and H{\aa}vard Wiig and {\O}ystein Rose and Birgitte Seip and J. Thomas Lamont and Tore Midtvedt and J{\o}rgen Valeur and Mette Kalager and {\O}yvind Holme and Lise Helsingen and Magnus L{\o}berg and Hans-Olov Adami},
  title = {Fecal Microbiota Transplantation for Primary \emph{{Clostridium} difficile} Infection},
  journal = {New England Journal of Medicine}
}

@article{defilipp2019,
  doi = {10.1056/nejmoa1910437},
  url = {https://doi.org/10.1056/nejmoa1910437},
  year = {2019},
  month = {nov},
  publisher = {Massachusetts Medical Society},
  volume = {381},
  number = {21},
  pages = {2043--2050},
  author = {Zachariah DeFilipp and Patricia P. Bloom and Mariam Torres Soto and Michael K. Mansour and Mohamad R.A. Sater and Miriam H. Huntley and Sarah Turbett and Raymond T. Chung and Yi-Bin Chen and Elizabeth L. Hohmann},
  title = {Drug-Resistant \emph{{E}. coli} Bacteremia Transmitted by Fecal Microbiota Transplant},
  journal = {New England Journal of Medicine}
}

@article{patron2017,
  doi = {10.1093/cid/cix511},
  url = {https://doi.org/10.1093/cid/cix511},
  year = {2017},
  month = {jun},
  publisher = {Oxford University Press ({OUP})},
  volume = {65},
  number = {7},
  pages = {1214--1217},
  author = {Roberto L Patron and Carlos A Hartmann and Sorcha Allen and Cheryl L Griesbach and Heidi E Kosiorek and John K DiBaise and Robert Orenstein},
  title = {Vancomycin Taper and Risk of Failure of Fecal Microbiota Transplantation in Patients With Recurrent \emph{{Clostridium} difficile} Infection},
  journal = {Clinical Infectious Diseases}
}

@article{mcdonald2018,
  doi = {10.1053/j.gastro.2018.07.014},
  url = {https://doi.org/10.1053/j.gastro.2018.07.014},
  year = {2018},
  month = {nov},
  publisher = {Elsevier {BV}},
  volume = {155},
  number = {5},
  pages = {1495--1507.e15},
  author = {Julie A.K. McDonald and Benjamin H. Mullish and Alexandros Pechlivanis and Zhigang Liu and Jerusa Brignardello and Dina Kao and Elaine Holmes and Jia V. Li and Thomas B. Clarke and Mark R. Thursz and Julian R. Marchesi},
  title = {Inhibiting Growth of \emph{{Clostridioides} difficile} by Restoring Valerate,  Produced by the Intestinal Microbiota},
  journal = {Gastroenterology}
}

@article{sorg2009,
  doi = {10.1002/9780471729259.mc09a01s12},
  url = {https://doi.org/10.1002/9780471729259.mc09a01s12},
  year = {2009},
  month = {feb},
  publisher = {Wiley},
  volume = {12},
  number = {1},
  author = {Joseph A. Sorg and Sean S. Dineen},
  title = {Laboratory Maintenance of \emph{{Clostridium} difficile}},
  journal = {Current Protocols in Microbiology}
}

@article{winston2016,
  doi = {10.3791/54850},
  url = {https://doi.org/10.3791/54850},
  year = {2016},
  month = {dec},
  publisher = {{MyJove} Corporation},
  number = {118},
  author = {Jenessa A. Winston and Rajani Thanissery and Stephanie A. Montgomery and Casey M. Theriot},
  title = {Cefoperazone-treated Mouse Model of Clinically-relevant $\Delta$\emph{{Clostridium} difficile} Strain R20291},
  journal = {Journal of Visualized Experiments}
}

@article{kozich2013,
  doi = {10.1128/aem.01043-13},
  url = {https://doi.org/10.1128/aem.01043-13},
  year = {2013},
  month = {jun},
  publisher = {American Society for Microbiology},
  volume = {79},
  number = {17},
  pages = {5112--5120},
  author = {James J. Kozich and Sarah L. Westcott and Nielson T. Baxter and Sarah K. Highlander and Patrick D. Schloss},
  title = {Development of a Dual-Index Sequencing Strategy and Curation Pipeline for Analyzing Amplicon Sequence Data on the {MiSeq Illumina} Sequencing Platform},
  journal = {Applied and Environmental Microbiology}
}

@article{wang2007,
  doi = {10.1128/aem.00062-07},
  url = {https://doi.org/10.1128/aem.00062-07},
  year = {2007},
  month = {jun},
  publisher = {American Society for Microbiology},
  volume = {73},
  number = {16},
  pages = {5261--5267},
  author = {Qiong Wang and George M. Garrity and James M. Tiedje and James R. Cole},
  title = {Naïve Bayesian Classifier for Rapid Assignment of {rRNA} Sequences into the New Bacterial Taxonomy},
  journal = {Applied and Environmental Microbiology}
}

@article{yue2005,
  doi = {10.1080/sta-200066418},
  url = {https://doi.org/10.1080/sta-200066418},
  year = {2005},
  month = {nov},
  publisher = {Informa {UK} Limited},
  volume = {34},
  number = {11},
  pages = {2123--2131},
  author = {Jack C. Yue and Murray K. Clayton},
  title = {A Similarity Measure Based on Species Proportions},
  journal = {Communications in Statistics - Theory and Methods}
}

@article{wickham2017,
  title={Tidyverse: Easily install and load the ‘tidyverse’},
  author={Wickham, Hadley and others},
  journal={R package version},
  volume={1},
  number={1},
  pages={2017},
  year={2017}
}

@article{benjamini1995,
  doi = {10.1111/j.2517-6161.1995.tb02031.x},
  url = {https://doi.org/10.1111/j.2517-6161.1995.tb02031.x},
  year = {1995},
  month = {jan},
  publisher = {Wiley},
  volume = {57},
  number = {1},
  pages = {289--300},
  author = {Yoav Benjamini and Yosef Hochberg},
  title = {Controlling the False Discovery Rate: A Practical and Powerful Approach to Multiple Testing},
  journal = {Journal of the Royal Statistical Society: Series B (Methodological)}
}

@article{kurtz2015,
  doi = {10.1371/journal.pcbi.1004226},
  url = {https://doi.org/10.1371/journal.pcbi.1004226},
  year = {2015},
  month = {may},
  publisher = {Public Library of Science ({PLoS})},
  volume = {11},
  number = {5},
  pages = {e1004226},
  author = {Zachary D. Kurtz and Christian L. M\"{u}ller and Emily R. Miraldi and Dan R. Littman and Martin J. Blaser and Richard A. Bonneau},
  editor = {Christian von Mering},
  title = {Sparse and Compositionally Robust Inference of Microbial Ecological Networks},
  journal = {{PLOS} Computational Biology}
}

@article{hugenholtz2017,
  doi = {10.1007/s00018-017-2693-8},
  url = {https://doi.org/10.1007/s00018-017-2693-8},
  year = {2017},
  month = {nov},
  publisher = {Springer Science and Business Media {LLC}},
  volume = {75},
  number = {1},
  pages = {149--160},
  author = {Floor Hugenholtz and Willem M. de Vos},
  title = {Mouse models for human intestinal microbiota research: a critical evaluation},
  journal = {Cellular and Molecular Life Sciences}
}

@article{nagpal2018,
  doi = {10.3389/fmicb.2018.02897},
  url = {https://doi.org/10.3389/fmicb.2018.02897},
  year = {2018},
  month = {nov},
  publisher = {Frontiers Media {SA}},
  volume = {9},
  author = {Ravinder Nagpal and Shaohua Wang and Leah C. Solberg Woods and Osborne Seshie and Stephanie T. Chung and Carol A. Shively and Thomas C. Register and Suzanne Craft and Donald A. McClain and Hariom Yadav},
  title = {Comparative Microbiome Signatures and Short-Chain Fatty Acids in Mouse, Rat, Non-human Primate, and Human Feces},
  journal = {Frontiers in Microbiology}
}

@article{wrzosek2018,
  doi = {10.1038/s41598-018-25300-3},
  url = {https://doi.org/10.1038/s41598-018-25300-3},
  year = {2018},
  month = {may},
  publisher = {Springer Science and Business Media {LLC}},
  volume = {8},
  number = {1},
  author = {Laura Wrzosek and Dragos Ciocan and Patrick Borentain and Madeleine Spatz and Virginie Puchois and Cindy Hugot and Gladys Ferrere and Camille Mayeur and Gabriel Perlemuter and Anne-Marie Cassard},
  title = {Transplantation of human microbiota into conventional mice durably reshapes the gut microbiota},
  journal = {Scientific Reports}
}

@article{osbelt2020,
  doi = {10.1371/journal.ppat.1008448},
  url = {https://doi.org/10.1371/journal.ppat.1008448},
  year = {2020},
  month = {mar},
  publisher = {Public Library of Science ({PLoS})},
  volume = {16},
  number = {3},
  pages = {e1008448},
  author = {Lisa Osbelt and Sophie Thiemann and Nathiana Smit and Till Robin Lesker and Madita Schr\"{o}ter and Eric J. C. G{\'{a}}lvez and Kerstin Schmidt-Hohagen and Marina C. Pils and Sabrina M\"{u}hlen and Petra Dersch and Karsten Hiller and Dirk Schl\"{u}ter and Meina Neumann-Schaal and Till Strowig},
  editor = {Andreas J. Baumler},
  title = {Variations in microbiota composition of laboratory mice influence \emph{{Citrobacter} rodentium}  infection via variable short-chain fatty acid production},
  journal = {{PLOS} Pathogens}
}

@article{velazquez2019,
  doi = {10.1038/s41564-019-0407-8},
  url = {https://doi.org/10.1038/s41564-019-0407-8},
  year = {2019},
  month = {mar},
  publisher = {Springer Science and Business Media {LLC}},
  volume = {4},
  number = {6},
  pages = {1057--1064},
  author = {Eric M. Velazquez and Henry Nguyen and Keaton T. Heasley and Cheng H. Saechao and Lindsey M. Gil and Andrew W. L. Rogers and Brittany M. Miller and Matthew R. Rolston and Christopher A. Lopez and Yael Litvak and Megan J. Liou and Franziska Faber and Denise N. Bronner and Connor R. Tiffany and Mariana X. Byndloss and Austin J. Byndloss and Andreas J. B\"{a}umler},
  title = {Endogenous {Enterobacteriaceae} underlie variation in susceptibility to \emph{Salmonella} infection},
  journal = {Nature Microbiology}
}

@article{carlson2013,
  doi = {10.1016/j.anaerobe.2013.04.003},
  url = {https://doi.org/10.1016/j.anaerobe.2013.04.003},
  year = {2013},
  month = {dec},
  publisher = {Elsevier {BV}},
  volume = {24},
  pages = {109--116},
  author = {Paul E. Carlson and Seth T. Walk and Alexandra E.T. Bourgis and Melissa W. Liu and Fatos Kopliku and Eugene Lo and Vincent B. Young and David M. Aronoff and Philip C. Hanna},
  title = {The relationship between phenotype, ribotype, and clinical disease in human \emph{{Clostridium} difficile} isolates},
  journal = {Anaerobe}
}

@article{rao2015,
  doi = {10.1093/cid/civ254},
  url = {https://doi.org/10.1093/cid/civ254},
  year = {2015},
  month = {mar},
  publisher = {Oxford University Press ({OUP})},
  volume = {61},
  number = {2},
  pages = {233--241},
  author = {Krishna Rao and Dejan Micic and Mukil Natarajan and Spencer Winters and Mark J. Kiel and Seth T. Walk and Kavitha Santhosh and Jill A. Mogle and Andrzej T. Galecki and William LeBar and Peter D. R. Higgins and Vincent B. Young and David M. Aronoff},
  title = {{\emph{{Clostridium} difficile} Ribotype} 027: Relationship to Age, Detectability of Toxins A or B in Stool With Rapid Testing, Severe Infection, and Mortality},
  journal = {Clinical Infectious Diseases}
}

@article{ghimire2019,
  doi = {10.1128/msystems.00620-19},
  url = {https://doi.org/10.1128/msystems.00620-19},
  year = {2020},
  month = {feb},
  publisher = {American Society for Microbiology},
  volume = {5},
  number = {1},
  author = {Sudeep Ghimire and Chayan Roy and Supapit Wongkuna and Linto Antony and Abhijit Maji and Mitchel Chan Keena and Andrew Foley and Joy Scaria},
  editor = {Chaysavanh Manichanh},
  title = {Identification of \emph{{Clostridioides} difficile}-Inhibiting Gut Commensals Using Culturomics, Phenotyping, and Combinatorial Community Assembly},
  journal = {{mSystems}}
}

@article{auchtung2020,
  doi = {10.1128/msphere.00387-20},
  url = {https://doi.org/10.1128/msphere.00387-20},
  year = {2020},
  month = {jul},
  publisher = {American Society for Microbiology},
  volume = {5},
  number = {4},
  author = {Jennifer M. Auchtung and Eva C. Preisner and James Collins and Armando I. Lerma and Robert A. Britton},
  editor = {Vincent B. Young},
  title = {Identification of Simplified Microbial Communities That Inhibit \emph{{Clostridioides} difficile} Infection through Dilution/Extinction},
  journal = {{mSphere}}
}

@article{reeves2011,
  doi = {10.4161/gmic.2.3.16333},
  url = {https://doi.org/10.4161/gmic.2.3.16333},
  year = {2011},
  month = {may},
  publisher = {Informa {UK} Limited},
  volume = {2},
  number = {3},
  pages = {145--158},
  author = {Angela E. Reeves and Casey M. Theriot and Ingrid L. Bergin and Gary B. Huffnagle and Patrick D. Schloss and Vincent B. Young},
  title = {The interplay between microbiome dynamics and pathogen dynamics in a murine model of \emph{{Clostridium} difficile} Infection},
  journal = {Gut Microbes}
}

@article{reeves2012,
  doi = {10.1128/iai.00647-12},
  url = {https://doi.org/10.1128/iai.00647-12},
  year = {2012},
  month = {aug},
  publisher = {American Society for Microbiology},
  volume = {80},
  number = {11},
  pages = {3786--3794},
  author = {Angela E. Reeves and Mark J. Koenigsknecht and Ingrid L. Bergin and Vincent B. Young},
  editor = {B. A. McCormick},
  title = {Suppression of \emph{{Clostridium} difficile} in the Gastrointestinal Tracts of Germfree Mice Inoculated with a Murine Isolate from the Family {Lachnospiraceae}},
  journal = {Infection and Immunity}
}

@article{peterfreund2012,
  doi = {10.1371/journal.pone.0046966},
  url = {https://doi.org/10.1371/journal.pone.0046966},
  year = {2012},
  month = {oct},
  publisher = {Public Library of Science ({PLoS})},
  volume = {7},
  number = {10},
  pages = {e46966},
  author = {Gregory L. Peterfreund and Lee E. Vandivier and Rohini Sinha and Andre J. Marozsan and William C. Olson and Jun Zhu and Frederic D. Bushman},
  editor = {Jean-Pierre Vartanian},
  title = {Succession in the Gut Microbiome following Antibiotic and Antibody Therapies for \emph{{Clostridium} difficile}},
  journal = {{PLoS} {ONE}}
}

@article{fukuyama2017,
  doi = {10.1371/journal.pcbi.1005706},
  url = {https://doi.org/10.1371/journal.pcbi.1005706},
  year = {2017},
  month = {aug},
  publisher = {Public Library of Science ({PLoS})},
  volume = {13},
  number = {8},
  pages = {e1005706},
  author = {Julia Fukuyama and Laurie Rumker and Kris Sankaran and Pratheepa Jeganathan and Les Dethlefsen and David A. Relman and Susan P. Holmes},
  editor = {Elhanan Borenstein},
  title = {Multidomain analyses of a longitudinal human microbiome intestinal cleanout perturbation experiment},
  journal = {{PLOS} Computational Biology}
}

@article{schubert2015,
  doi = {10.1128/mbio.00974-15},
  url = {https://doi.org/10.1128/mbio.00974-15},
  year = {2015},
  month = {jul},
  publisher = {American Society for Microbiology},
  volume = {6},
  number = {4},
  author = {Alyxandria M. Schubert and Hamide Sinani and Patrick D. Schloss},
  editor = {Claire M. Fraser},
  title = {Antibiotic-Induced Alterations of the Murine Gut Microbiota and Subsequent Effects on Colonization Resistance against \emph{{Clostridium} difficile}},
  journal = {{mBio}}
}

@article{thanissery2017,
  doi = {10.1016/j.anaerobe.2017.03.004},
  url = {https://doi.org/10.1016/j.anaerobe.2017.03.004},
  year = {2017},
  month = {jun},
  publisher = {Elsevier {BV}},
  volume = {45},
  pages = {86--100},
  author = {Rajani Thanissery and Jenessa A. Winston and Casey M. Theriot},
  title = {Inhibition of spore germination,  growth,  and toxin activity of clinically relevant \emph{{C.} difficile} strains by gut microbiota derived secondary bile acids},
  journal = {Anaerobe}
}

@article{tomkovich2020,
  doi = {10.1128/msphere.00869-20},
  url = {https://doi.org/10.1128/msphere.00869-20},
  year = {2020},
  month = {oct},
  publisher = {American Society for Microbiology},
  volume = {5},
  number = {5},
  author = {Sarah Tomkovich and Joshua M. A. Stough and Lucas Bishop and Patrick D. Schloss},
  editor = {Robert A. Britton},
  title = {The Initial Gut Microbiota and Response to Antibiotic Perturbation Influence \emph{{Clostridioides} difficile} Clearance in Mice},
  journal = {{mSphere}}
}

@article{theriot2011,
  doi = {10.4161/gmic.19142},
  url = {https://doi.org/10.4161/gmic.19142},
  year = {2011},
  month = {nov},
  publisher = {Informa {UK} Limited},
  volume = {2},
  number = {6},
  pages = {326--334},
  author = {Casey M. Theriot and Charles C. Koumpouras and Paul E. Carlson and Ingrid I. Bergin and David M. Aronoff and Vincent B. Young},
  title = {Cefoperazone-treated mice as an experimental platform to assess differential virulence of \emph{{Clostridium} difficile} strains},
  journal = {Gut Microbes}
}

@article{suez2018,
  doi = {10.1016/j.cell.2018.08.047},
  url = {https://doi.org/10.1016/j.cell.2018.08.047},
  year = {2018},
  month = {sep},
  publisher = {Elsevier {BV}},
  volume = {174},
  number = {6},
  pages = {1406--1423.e16},
  author = {Jotham Suez and Niv Zmora and Gili Zilberman-Schapira and Uria Mor and Mally Dori-Bachash and Stavros Bashiardes and Maya Zur and Dana Regev-Lehavi and Rotem Ben-Zeev Brik and Sara Federici and Max Horn and Yotam Cohen and Andreas E. Moor and David Zeevi and Tal Korem and Eran Kotler and Alon Harmelin and Shalev Itzkovitz and Nitsan Maharshak and Oren Shibolet and Meirav Pevsner-Fischer and Hagit Shapiro and Itai Sharon and Zamir Halpern and Eran Segal and Eran Elinav},
  title = {Post-Antibiotic Gut Mucosal Microbiome Reconstitution Is Impaired by Probiotics and Improved by Autologous {FMT}},
  journal = {Cell}
}

@article{ianiro2018,
  doi = {10.1177/2050640618780762},
  url = {https://doi.org/10.1177/2050640618780762},
  year = {2018},
  month = {jun},
  publisher = {{SAGE} Publications},
  volume = {6},
  number = {8},
  pages = {1232--1244},
  author = {Gianluca Ianiro and Marcello Maida and Johan Burisch and Claudia Simonelli and Georgina Hold and Marco Ventimiglia and Antonio Gasbarrini and Giovanni Cammarota},
  title = {Efficacy of different faecal microbiota transplantation protocols for \emph{{Clostridium} difficile} infection: A systematic review and meta-analysis},
  journal = {United European Gastroenterology Journal}
}

@article{allegretti2020,
  doi = {10.1007/s10620-020-06198-2},
  url = {https://doi.org/10.1007/s10620-020-06198-2},
  year = {2020},
  month = {mar},
  publisher = {Springer Science and Business Media {LLC}},
  author = {Jessica R. Allegretti and Shama R. Mehta and Zain Kassam and Colleen R. Kelly and Dina Kao and Huiping Xu and Monika Fischer},
  title = {Risk Factors that Predict the Failure of Multiple Fecal Microbiota Transplantations for \emph{{Clostridioides} difficile} Infection},
  journal = {Digestive Diseases and Sciences}
}

@article{garzagonzlez2019,
  doi = {10.1155/2019/4549298},
  url = {https://doi.org/10.1155/2019/4549298},
  year = {2019},
  month = {dec},
  publisher = {Hindawi Limited},
  volume = {2019},
  pages = {1--7},
  author = {Elvira Garza-Gonz{\'{a}}lez and Soraya Mendoza-Olazar{\'{a}}n and Rayo Morfin-Otero and Andrea Ram{\'{i}}rez-Fontes and Patricia Rodr{\'{i}}guez-Zulueta and Samantha Flores-Trevi{\~{n}}o and Paola Bocanegra-Ibarias and H{\'{e}}ctor Maldonado-Garza and Adri{\'{a}}n Camacho-Ortiz},
  title = {Intestinal Microbiome Changes in Fecal Microbiota Transplant ({FMT}) vs. {FMT} Enriched with\emph{ {Lactobacillus} }in the Treatment of Recurrent \emph{{Clostridium} difficile} Infection},
  journal = {Canadian Journal of Gastroenterology and Hepatology}
}

@article{byndloss2017,
  doi = {10.1126/science.aam9949},
  url = {https://doi.org/10.1126/science.aam9949},
  year = {2017},
  month = {aug},
  publisher = {American Association for the Advancement of Science ({AAAS})},
  volume = {357},
  number = {6351},
  pages = {570--575},
  author = {Mariana X. Byndloss and Erin E. Olsan and Fabian Rivera-Ch{\'{a}}vez and Connor R. Tiffany and Stephanie A. Cevallos and Kristen L. Lokken and Teresa P. Torres and Austin J. Byndloss and Franziska Faber and Yandong Gao and Yael Litvak and Christopher A. Lopez and Gege Xu and Eleonora Napoli and Cecilia Giulivi and Ren{\'{e}}e M. Tsolis and Alexander Revzin and Carlito B. Lebrilla and Andreas J. B\"{a}umler},
  title = {Microbiota-activated {PPAR}-{\gamma} signaling inhibits dysbiotic {Enterobacteriaceae} expansion},
  journal = {Science}
}

@article{zhu2018,
  doi = {10.1038/nature25172},
  url = {https://doi.org/10.1038/nature25172},
  year = {2018},
  month = {jan},
  publisher = {Springer Science and Business Media {LLC}},
  volume = {553},
  number = {7687},
  pages = {208--211},
  author = {Wenhan Zhu and Maria G. Winter and Mariana X. Byndloss and Luisella Spiga and Breck A. Duerkop and Elizabeth R. Hughes and Lisa B\"{u}ttner and Everton de Lima Rom{\~{a}}o and Cassie L. Behrendt and Christopher A. Lopez and Luis Sifuentes-Dominguez and Kayci Huff-Hardy and R. Paul Wilson and Caroline C. Gillis and {\c{C}}agla T\"{u}kel and Andrew Y. Koh and Ezra Burstein and Lora V. Hooper and Andreas J. B\"{a}umler and Sebastian E. Winter},
  title = {Precision editing of the gut microbiota ameliorates colitis},
  journal = {Nature}
}
